<?xml version="1.0" encoding="UTF-8"?><collection xmlns="http://www.loc.gov/MARC21/slim"><record><leader>00453nam--2200133-i-4500</leader><controlfield tag="001">000015806</controlfield><controlfield tag="002">20161230</controlfield><controlfield tag="005">20161230201031</controlfield><controlfield tag="008">060222s1000------------r-----000-0-eng-d</controlfield><datafield ind1=" " ind2=" " tag="245"><subfield code="a">Methodes en theorie des champs. methods in field theory</subfield></datafield><datafield ind1=" " ind2=" " tag="260"><subfield code="a">Amsterdam, North-holland, 1976</subfield></datafield><datafield ind1=" " ind2=" " tag="490"><subfield code="a">Les Houches. Session Xxviii, 28 Juil.-6 Sept., 1975, Ecole D Ete De Physique Theorique</subfield></datafield><datafield ind1=" " ind2=" " tag="700"><subfield code="a">Balian, Roger Et Zinn-justin, Jean</subfield></datafield><datafield ind1=" " ind2=" " tag="852"><subfield code="a">530.145(042.4)</subfield></datafield></record></collection>